%% LaTeX2e file `references.bib'
%% generated by the `filecontents' environment
%% from source `template' on 2024/08/18.
%%
@article{lu2024aiscientist,
  title={The {AI} {S}cientist: Towards Fully Automated Open-Ended Scientific Discovery},
  author={Lu, Chris and Lu, Cong and Lange, Robert Tjarko and Foerster, Jakob and Clune, Jeff and Ha, David},
  journal={arXiv preprint arXiv:2408.06292},
  year={2024}
}

@book{goodfellow2016deep,
  title={Deep learning},
  author={Goodfellow, Ian and Bengio, Yoshua and Courville, Aaron and Bengio, Yoshua},
  volume={1},
  year={2016},
  publisher={MIT Press}
}

@article{power2022grokking,
  title={Grokking: Generalization beyond overfitting on small algorithmic datasets},
  author={Power, Alethea and Burda, Yuri and Edwards, Harri and Babuschkin, Igor and Misra, Vedant},
  journal={arXiv preprint arXiv:2201.02177},
  year={2022}
}

@article{vaswani2017attention,
  title={Attention is all you need},
  author={Vaswani, Ashish and Shazeer, Noam and Parmar, Niki and Uszkoreit, Jakob and Jones, Llion and Gomez, Aidan N and Kaiser, {\L}ukasz and Polosukhin, Illia},
  journal={Advances in neural information processing systems},
  volume={30},
  year={2017}
}

@article{kingma2014adam,
  title={Adam: A method for stochastic optimization},
  author={Kingma, Diederik P and Ba, Jimmy},
  journal={arXiv preprint arXiv:1412.6980},
  year={2014}
}

@article{ba2016layer,
  title={Layer normalization},
  author={Ba, Jimmy Lei and Kiros, Jamie Ryan and Hinton, Geoffrey E},
  journal={arXiv preprint arXiv:1607.06450},
  year={2016}
}

@article{loshchilov2017adamw,
  title={Decoupled weight decay regularization},
  author={Loshchilov, Ilya and Hutter, Frank},
  journal={arXiv preprint arXiv:1711.05101},
  year={2017}
}

@article{radford2019language,
  title={Language Models are Unsupervised Multitask Learners},
  author={Radford, Alec and Wu, Jeff and Child, Rewon and Luan, David and Amodei, Dario and Sutskever, Ilya},
  year={2019}
}

@article{bahdanau2014neural,
  title={Neural machine translation by jointly learning to align and translate},
  author={Bahdanau, Dzmitry and Cho, Kyunghyun and Bengio, Yoshua},
  journal={arXiv preprint arXiv:1409.0473},
  year={2014}
}

@article{paszke2019pytorch,
  title={Pytorch: An imperative style, high-performance deep learning library},
  author={Paszke, Adam and Gross, Sam and Massa, Francisco and Lerer, Adam and Bradbury, James and Chanan, Gregory and Killeen, Trevor and Lin, Zeming and Gimelshein, Natalia and Antiga, Luca and others},
  journal={Advances in neural information processing systems},
  volume={32},
  year={2019}
}

@Article{Jiang2017MentorNetLD,
 author = {Lu Jiang and Zhengyuan Zhou and Thomas Leung and Li-Jia Li and Li Fei-Fei},
 booktitle = {International Conference on Machine Learning},
 pages = {2309-2318},
 title = {MentorNet: Learning Data-Driven Curriculum for Very Deep Neural Networks on Corrupted Labels},
 year = {2017}
}


@Article{Jiang2017MentorNetLD,
 author = {Lu Jiang and Zhengyuan Zhou and Thomas Leung and Li-Jia Li and Li Fei-Fei},
 booktitle = {International Conference on Machine Learning},
 pages = {2309-2318},
 title = {MentorNet: Learning Data-Driven Curriculum for Very Deep Neural Networks on Corrupted Labels},
 year = {2017}
}


@Article{Bengio2009CurriculumL,
 author = {Yoshua Bengio and J. Louradour and R. Collobert and J. Weston},
 booktitle = {International Conference on Machine Learning},
 pages = {41-48},
 title = {Curriculum learning},
 year = {2009}
}


@Article{Platanios2019CompetencebasedCL,
 author = {Emmanouil Antonios Platanios and Otilia Stretcu and Graham Neubig and B. PÃ³czos and Tom Michael Mitchell},
 booktitle = {North American Chapter of the Association for Computational Linguistics},
 journal = {ArXiv},
 title = {Competence-based Curriculum Learning for Neural Machine Translation},
 volume = {abs/1903.09848},
 year = {2019}
}


@Article{Hacohen2019OnTP,
 author = {Guy Hacohen and D. Weinshall},
 booktitle = {International Conference on Machine Learning},
 pages = {2535-2544},
 title = {On The Power of Curriculum Learning in Training Deep Networks},
 year = {2019}
}


@Article{Hacohen2019OnTP,
 author = {Guy Hacohen and D. Weinshall},
 booktitle = {International Conference on Machine Learning},
 pages = {2535-2544},
 title = {On The Power of Curriculum Learning in Training Deep Networks},
 year = {2019}
}


@Article{Hacohen2019OnTP,
 author = {Guy Hacohen and D. Weinshall},
 booktitle = {International Conference on Machine Learning},
 pages = {2535-2544},
 title = {On The Power of Curriculum Learning in Training Deep Networks},
 year = {2019}
}


@Article{Jiang2017MentorNetLD,
 author = {Lu Jiang and Zhengyuan Zhou and Thomas Leung and Li-Jia Li and Li Fei-Fei},
 booktitle = {International Conference on Machine Learning},
 pages = {2309-2318},
 title = {MentorNet: Learning Data-Driven Curriculum for Very Deep Neural Networks on Corrupted Labels},
 year = {2017}
}


@Article{Hacohen2019OnTP,
 author = {Guy Hacohen and D. Weinshall},
 booktitle = {International Conference on Machine Learning},
 pages = {2535-2544},
 title = {On The Power of Curriculum Learning in Training Deep Networks},
 year = {2019}
}


@Article{Hacohen2019OnTP,
 author = {Guy Hacohen and D. Weinshall},
 booktitle = {International Conference on Machine Learning},
 pages = {2535-2544},
 title = {On The Power of Curriculum Learning in Training Deep Networks},
 year = {2019}
}


@Inproceedings{Abramovich2014TheoreticalFO,
 author = {S. Abramovich},
 pages = {1-23},
 title = {Theoretical Foundations of Computational Experiment Approach to Secondary Mathematics},
 year = {2014}
}


@Article{Jiang2017MentorNetLD,
 author = {Lu Jiang and Zhengyuan Zhou and Thomas Leung and Li-Jia Li and Li Fei-Fei},
 booktitle = {International Conference on Machine Learning},
 pages = {2309-2318},
 title = {MentorNet: Learning Data-Driven Curriculum for Very Deep Neural Networks on Corrupted Labels},
 year = {2017}
}


@Article{Zhang2021ReviewAA,
 author = {L. Zhang and Zhendong Mao and Benfeng Xu and Quan Wang and Yongdong Zhang},
 booktitle = {IEEE/ACM Transactions on Audio Speech and Language Processing},
 journal = {IEEE/ACM Transactions on Audio, Speech, and Language Processing},
 pages = {3307-3320},
 title = {Review and Arrange: Curriculum Learning for Natural Language Understanding},
 volume = {29},
 year = {2021}
}


@Article{Bengio2009CurriculumL,
 author = {Yoshua Bengio and J. Louradour and R. Collobert and J. Weston},
 booktitle = {International Conference on Machine Learning},
 pages = {41-48},
 title = {Curriculum learning},
 year = {2009}
}


@Article{Bengio2009CurriculumL,
 author = {Yoshua Bengio and J. Louradour and R. Collobert and J. Weston},
 booktitle = {International Conference on Machine Learning},
 pages = {41-48},
 title = {Curriculum learning},
 year = {2009}
}


@Article{Wang2021ASO,
 author = {Xin Wang and Yudong Chen and Wenwu Zhu},
 booktitle = {IEEE Transactions on Pattern Analysis and Machine Intelligence},
 journal = {IEEE Transactions on Pattern Analysis and Machine Intelligence},
 pages = {4555-4576},
 title = {A Survey on Curriculum Learning},
 volume = {44},
 year = {2021}
}

